@article{Gichoya2005,
    title = {{<Factors Affecting the Successful Implementation of ICT Project in Government.pdf>}},
    year = {2005},
    author = {Gichoya, David},
    number = {4},
    pages = {175--184},
    volume = {3},
    keywords = {e-government, government informatics, ict projects implementation, ict success and, information system}
}

@article{Belassi1996,
    title = {{A new framework for determining critical success/failure factors in projects}},
    year = {1996},
    journal = {International Journal of Project Management},
    author = {Belassi, Walid and Tukel, Oya Icmeli},
    number = {3},
    pages = {141--151},
    volume = {14},
    isbn = {0263-7863},
    doi = {10.1016/0263-7863(95)00064-X},
    issn = {02637863},
    keywords = {A new framework, Factor groups, Success/failure, System response}
}

@article{Silver2007,
    title = {{Are movie theaters doomed? Do exhibitors see the big picture as theaters lose their competitive advantage?}},
    year = {2007},
    journal = {Business Horizons},
    author = {Silver, Jon and McDonnell, John},
    number = {6},
    pages = {491--501},
    volume = {50},
    doi = {10.1016/j.bushor.2007.07.004},
    issn = {00076813},
    keywords = {Cinema, Home entertainment, IMAX, Movie theaters, Strategy}
}

@article{Ugwu2007,
    title = {{Critical success factors for construction ICT projects–some empirical evidence and lessons for emerging economies}},
    year = {2007},
    journal = {Framework},
    author = {Ugwu, Oo and Kumaraswamy, Mm},
    number = {September 2006},
    pages = {231--249},
    volume = {12},
    url = {http://itcon.org/cgi-bin/works/Search&amp;noform=1&amp;max=100&amp;search=year:2011&amp;title=Volume/Show?2007_16},
    keywords = {1, and the success factors, background to study, complex adaptive system, critical success factors, csf, developing countries, evidence-based research, for it-driven process innovation, human resource management, ict project management, in, introduction, organisational behaviour, projects in construction, this paper discus it}
}

@article{Silver2003,
    title = {{Digital dawn: A revolution in movie distribution?}},
    year = {2003},
    journal = {Business Horizons},
    author = {Silver, Jon and Alpert, Frank},
    number = {5},
    pages = {57--66},
    volume = {46},
    doi = {10.1016/S0007-6813(03)00072-7},
    issn = {00076813}
}

@article{Sheffield2013,
    title = {{Factors associated with the software development agility of successful projects}},
    year = {2013},
    journal = {International Journal of Project Management},
    author = {Sheffield, Jim and Lem{\'{e}}tayer, Julien},
    number = {3},
    pages = {459--472},
    volume = {31},
    publisher = {Elsevier Ltd and IPMA.},
    url = {http://dx.doi.org/10.1016/j.ijproman.2012.09.011},
    isbn = {0263-7863},
    doi = {10.1016/j.ijproman.2012.09.011},
    issn = {02637863},
    keywords = {Communities of practice, Critical success factors, Process innovation, Project success, Software development agility}
}

@article{Wopereis2005,
    title = {{Failure and success factors of educational ICT projects: A group concept mapping approach}},
    year = {2005},
    journal = {British Journal of Educational Technology},
    author = {Wopereis, I. G J H and Kirschner, Paul a. and Paas, Fred and Stoyanov, Slavi and Hendriks, Maaike},
    number = {4},
    pages = {681--684},
    volume = {36},
    isbn = {0007-1013},
    doi = {10.1111/j.1467-8535.2005.00546.x},
    issn = {00071013}
}

@article{Verburg2013,
    title = {{Getting it done: Critical success factors for project managers in virtual work settings}},
    year = {2013},
    journal = {International Journal of Project Management},
    author = {Verburg, Robert M. and Bosch-Sijtsema, Petra and Vartiainen, Matti},
    number = {1},
    pages = {68--79},
    volume = {31},
    publisher = {Elsevier Ltd. APM and IPMA},
    url = {http://dx.doi.org/10.1016/j.ijproman.2012.04.005},
    isbn = {0263-7863},
    doi = {10.1016/j.ijproman.2012.04.005},
    issn = {02637863},
    keywords = {Dispersed teams, Leadership, Managing individuals, Managing projects, Managing teams}
}

@article{2013,
    title = {{On the Rise and Fall of Vertical Integration between US Movie Studios and Movie Theaters}},
    year = {2013},
    journal = {정보통신정책학회 학술발표논문집},
    author = {{곽동균}},
    number = {December 2012},
    url = {http://www.papersearch.net/view/detail.asp?detail_key=15200985}
}

@article{Elias2014,
    title = {{Parlementair onderzoek naar ICT-projecten bij de overheid}},
    year = {2014},
    author = {Elias, Ton and Ulenbelt, Paul and Fokke, Manon and Bruins Slot, Hanke and Meenen, Paul Van},
    number = {5},
    pages = {1--219}
}

@article{Ramos2014,
    title = {{Perceptions of Success and Failure Factors in Information Technology Projects: A Study from Brazilian Companies}},
    year = {2014},
    journal = {Procedia - Social and Behavioral Sciences},
    author = {Ramos, Pâmela and Mota, Caroline},
    pages = {349--357},
    volume = {119},
    publisher = {Elsevier B.V.},
    url = {http://linkinghub.elsevier.com/retrieve/pii/S1877042814021314},
    isbn = {0000000000},
    doi = {10.1016/j.sbspro.2014.03.040},
    issn = {18770428},
    keywords = {project management,information technology,culture,}
}

@article{Gil2009,
    title = {{Revenue sharing distortions and vertical integration in the movie industry}},
    year = {2009},
    journal = {Journal of Law, Economics, and Organization},
    author = {Gil, Ricard},
    number = {2},
    pages = {579--610},
    volume = {25},
    isbn = {87566222},
    doi = {10.1093/jleo/ewn004},
    issn = {87566222}
}

@article{Fu2009,
    title = {{Screen Survival of Movies at Competitive Theaters: Vertical and Horizontal Integration in a Spatially Differentiated Market}},
    year = {2009},
    journal = {Journal of Media Economics},
    author = {Fu, W. Wayne},
    number = {2},
    pages = {59--80},
    volume = {22},
    doi = {10.1080/08997760902900072},
    issn = {0899-7764}
}

@article{Madden2009,
    title = {{Some Economic and Social Aspects of Residential Internet Use in Australia Some Economic and Social Aspects of Residential Internet Use in Australia}},
    year = {2009},
    author = {Madden, Gary and Savage, Scott J},
    number = {785022307},
    pages = {37--41},
    doi = {10.1207/S15327736ME1303}
}

@article{Beenker2004,
    title = {{Studie naar succes- en faalfactoren van complexe ICT projecten}},
    year = {2004},
    author = {Beenker, Nico},
    pages = {1--41}
}

@article{Beenker2004a,
    title = {{Studie naar succes- en faalfactoren van complexe ICT projecten}},
    year = {2004},
    author = {Beenker, Nico},
    pages = {1--41}
}

@article{Molloy2013,
    title = {{Succeeding programmes, failed projects: A lexicographical analysis of a disputed semantic terrain}},
    year = {2013},
    journal = {International Journal of Project Management},
    author = {Molloy, Eamonn and Stewart, Allison},
    number = {1},
    pages = {80--89},
    volume = {31},
    publisher = {Elsevier Ltd},
    url = {http://dx.doi.org/10.1016/j.ijproman.2012.06.002},
    doi = {10.1016/j.ijproman.2012.06.002},
    issn = {02637863},
    keywords = {Failure, Lexicography, Programme, Project, Success}
}

@article{Milis2002,
    title = {{Success factors regarding the implementation of ICT investment projects}},
    year = {2002},
    journal = {International Journal of Production Economics},
    author = {Milis, Koen and Mercken, Roger},
    number = {1},
    pages = {105--117},
    volume = {80},
    isbn = {0925-5273},
    doi = {10.1016/S0925-5273(02)00246-3},
    issn = {09255273},
    keywords = {ICT-implementation, Project management, Success factors}
}

@article{Gelbard2009,
    title = {{The interactive effect of team dynamics and organizational support on ICT project success}},
    year = {2009},
    journal = {International Journal of Project Management},
    author = {Gelbard, Roy and Carmeli, Abraham},
    number = {5},
    pages = {464--470},
    volume = {27},
    publisher = {Elsevier Ltd and IPMA},
    url = {http://dx.doi.org/10.1016/j.ijproman.2008.07.005},
    isbn = {0263-7863},
    doi = {10.1016/j.ijproman.2008.07.005},
    issn = {02637863},
    keywords = {ICT projects, Organizational support, Project performance, Project success, Software development, Team dynamics}
}

@article{Hennig-Thurau2007,
    title = {{The Last Picture Show? Timing and Order of Movie Distribution Channels}},
    year = {2007},
    journal = {Journal of Marketing},
    author = {Hennig-Thurau, Thorsten and Henning, Victor and Sattler, Henrik and Eggers, Felix and Houston, Mark B},
    number = {4},
    pages = {63--83},
    volume = {71},
    isbn = {0022-2429},
    doi = {10.1509/jmkg.71.4.63},
    issn = {0022-2429},
    pmid = {26506752}
}

@article{Hennig-Thurau2007a,
    title = {{The Last Picture Show? Timing and Order of Movie Distribution Channels}},
    year = {2007},
    journal = {Journal of Marketing},
    author = {Hennig-Thurau, Thorsten and Henning, Victor and Sattler, Henrik and Eggers, Felix and Houston, Mark B},
    number = {4},
    pages = {63--83},
    volume = {71},
    isbn = {0022-2429},
    doi = {10.1509/jmkg.71.4.63},
    issn = {0022-2429},
    pmid = {26506752}
}

@article{Eliashberg2006,
    title = {{The Motion Picture Industry: Critical Issues in Practice, Current Research, and New Research Directions}},
    year = {2006},
    journal = {Marketing Science},
    author = {Eliashberg, J. and Elberse, a. and Leenders, M. a.a.M.},
    number = {6},
    pages = {638--661},
    volume = {25},
    doi = {10.1287/mksc.1050.0177},
    issn = {0732-2399},
    keywords = {2 revisions, 2004, and was with the, authors 10 months for, entertainment industry, history, june 1, motion picture industry, processed, research and models, review, this paper was received}
}

@article{Milis2004,
    title = {{The use of the balanced scorecard for the evaluation of Information and Communication Technology projects}},
    year = {2004},
    journal = {International Journal of Project Management},
    author = {Milis, Koen and Mercken, Roger},
    number = {2},
    pages = {87--97},
    volume = {22},
    isbn = {0263-7863},
    doi = {10.1016/S0263-7863(03)00060-7},
    issn = {02637863},
    keywords = {Balanced scorecard, Feasibility, Information technology}
}

@article{Orbach2007,
    title = {{Uniform prices for differentiated goods: The case of the movie-theater industry}},
    year = {2007},
    journal = {International Review of Law and Economics},
    author = {Orbach, Barak Y. and Einav, Liran},
    number = {2},
    pages = {129--153},
    volume = {27},
    isbn = {0144-8188},
    doi = {10.1016/j.irle.2007.06.002},
    issn = {01448188},
    keywords = {Antitrust, Motion pictures, Paramount decrees, Uniform prices, Vertical arrangements}
}

@misc{B.Mckenzie2008,
    title = {{Why popcorn costs so much at the movies, and other pricing puzzles.pdf}},
    year = {2008},
    author = {B.Mckenzie, Richard},
    pages = {159--176},
    publisher = {Copernicus Books},
    address = {Irvine},
    isbn = {978-0-387-77001-7},
    doi = {10.1007/978-0-387-77001-7}
}

@misc{6bScience,
    title = {{6b Data Science}}
}

@article{Yin2014AClustering,
    title = {{A dirichlet multinomial mixture model-based approach for short text clustering}},
    year = {2014},
    journal = {Proceedings of the 20th ACM SIGKDD international conference on Knowledge discovery and data mining - KDD '14},
    author = {Yin, Jianhua and Wang, Jianyong},
    pages = {233--242},
    url = {http://dl.acm.org/citation.cfm?doid=2623330.2623715},
    isbn = {9781450329569},
    doi = {10.1145/2623330.2623715},
    keywords = {dirichlet multinomial mixture, gibbs, short text clustering}
}

@article{Andrzejewski2011ALogic,
    title = {{A Framework for Incorporating General Domain Knowledge into Latent Dirichlet Allocation using First-Order Logic}},
    year = {2011},
    journal = {Proc. of the Twenty-Second international joint conference on Artificial Intelligence, IJCAI'11},
    author = {Andrzejewski, David and Zhu, Xiaojin and Craven, Mark and Recht, Benjamin},
    pages = {1171--1177},
    isbn = {9550091031},
    doi = {10.5591/978-1-57735-516-8/IJCAI11-200},
    issn = {10450823},
    keywords = {Machine Learning}
}

@article{Bhattacharya2005AResolution,
    title = {{A Latent Dirichlet Allocation Model for Entity Resolution}},
    year = {2005},
    author = {Bhattacharya, Indrajit and Getoor, Lise},
    pages = {1--15}
}

@article{Hinkelmann2016AOntology,
    title = {{A new paradigm for the continuous alignment of business and IT: Combining enterprise architecture modelling and enterprise ontology}},
    year = {2016},
    journal = {Computers in Industry},
    author = {Hinkelmann, Knut and Gerber, Aurona and Karagiannis, Dimitris and Thoenssen, Barbara and Van Der Merwe, Alta and Woitsch, Robert},
    isbn = {0166-3615},
    doi = {10.1016/j.compind.2015.07.009},
    issn = {01663615},
    keywords = {Business-IT alignment, Enterprise architecture, Enterprise engineering, Enterprise ontology, Metamodelling}
}

@article{Wang2017ASVM,
    title = {{A STUDY ON THE ERROR OF DISTRIBUTED ALGORITHMS FOR BIG DATA CLASSIFICATION WITH SVM}},
    year = {2017},
    author = {Wang, Cheng and Cao, Feilong},
    pages = {1--7},
    keywords = {and phrases, big data, distributed algorithm, geometric noise exponent, support vector machine, tsybakov exponent}
}

@article{YangACloud,
    title = {{A Time Efficient Approach for Detecting Errors in Big Sensor Data on Cloud}},
    author = {Yang, Chi and Liu, Chang and Zhang, Xuyun and Nepal, Surya and Chen, Jinjun},
    url = {https://www-computer-org.ezproxy.leidenuniv.nl:2443/csdl/trans/td/2015/02/06714550.pdf},
    doi = {10.1109/TPDS.2013.2295810},
    keywords = {Index Terms—Big data, cloud computing, complex network systems, data abnormality, error detection, sensor networks, time efficiency}
}

@article{Nagappan2010AbstractingLogs,
    title = {{Abstracting log lines to log event types for mining software system logs}},
    year = {2010},
    journal = {Proceedings - International Conference on Software Engineering},
    author = {Nagappan, Meiyappan and Vouk, Mladen A.},
    pages = {114--117},
    isbn = {9781424468034},
    doi = {10.1109/MSR.2010.5463281},
    issn = {02705257},
    keywords = {Clustering, Log file abstraction}
}

@article{Liang2007AnAnalysis,
    title = {{An adaptive semantic filter for blue gene/L failure log analysis}},
    year = {2007},
    journal = {Proceedings - 21st International Parallel and Distributed Processing Symposium, IPDPS 2007; Abstracts and CD-ROM},
    author = {Liang, Yinglung and Zhang, Yanyong and Xiong, Hui and Sahoo, Ramendra},
    pages = {1--8},
    isbn = {1424409101},
    doi = {10.1109/IPDPS.2007.370635}
}

@article{S2016AnExtraction,
    title = {{An Approach to Calibrate Model Parameters in the Context of Source Code Document Clustering with Topic Modeling for Feature Extraction}},
    year = {2016},
    author = {S, Baby Rani A and R, Nadira Banu Kamal A},
    number = {20},
    pages = {160--166},
    volume = {3},
    keywords = {- latent dirichlet allocation, clustering, feature extraction, silhouette coefficient}
}

@article{El-Mekawy2015AnOrganizations,
    title = {{An evaluation framework for comparing business-IT alignment models: A tool for supporting collaborative learning in organizations}},
    year = {2015},
    journal = {Computers in Human Behavior},
    author = {El-Mekawy, Mohamed and Rusu, Lazar and Perjons, Erik},
    isbn = {0747-5632},
    doi = {10.1016/j.chb.2014.12.016},
    issn = {07475632},
    keywords = {Alignment models, BITA, Collaborative learning in BITA, Evaluation framework, Strategic alignment}
}

@article{Li2005AnManagement,
    title = {{An integrated framework on mining logs files for computing system management}},
    year = {2005},
    journal = {Proceeding of the eleventh ACM SIGKDD international conference on Knowledge discovery in data mining  - KDD '05},
    author = {Li, Tao and Liang, Feng and Ma, Sheng and Peng, Wei},
    pages = {776},
    url = {http://portal.acm.org/citation.cfm?doid=1081870.1081972},
    isbn = {159593135X},
    doi = {10.1145/1081870.1081972},
    keywords = {event relationship, log categorization, system management}
}

@article{Sabato2007AnalyzingImportant,
    title = {{Analyzing System Logs: A New View of What's Important}},
    year = {2007},
    journal = {Proceedings of the 2nd USENIX workshop on Tackling computer systems problems with machine learning techniques},
    author = {Sabato, Sivan and Yom-tov, Elad and Tsherniak, Aviad and Rosset, Saharon},
    pages = {1--6},
    issn = {00190365}
}

@article{Li2013AutomaticLearning,
    title = {{Automatic Log Analysis using Machine Learning}},
    year = {2013},
    author = {Li, Weixi},
    number = {November}
}

@article{Alaceva2015BarriersLearned,
    title = {{Barriers in achieving business/IT alignment in a large Swedish company: What we have learned?}},
    year = {2015},
    journal = {Computers in Human Behavior},
    author = {Alaceva, Carolina and Rusu, Lazar},
    isbn = {0747-5632},
    doi = {10.1016/j.chb.2014.12.007},
    issn = {07475632},
    keywords = {Barriers, Business strategy, Business/IT alignment, IT strategy, Large Swedish company, Social dimension}
}

@misc{BioscoopbrancheMediaonderzoek.nl,
    title = {{Bioscoopbranche in cijfers - Mediaonderzoek.nl}},
    url = {http://www.mediaonderzoek.nl/5932/bioscoopbranche-cijfers/}
}

@article{Filmonderzoek2014Bioscoopmonitor,
    title = {{Bioscoopmonitor}},
    year = {2014},
    author = {Filmonderzoek, Stichting}
}

@article{Zimmerman2015Case-SpecificPrediction,
    title = {{Case-Specific Random Forests for Big Data Prediction}},
    year = {2015},
    journal = {Joint Statistical Meetings},
    author = {Zimmerman, Joshua and Nettleton, Dan},
    pages = {2537--2543},
    url = {https://www.eventscribe.com/2015/ASA-JSM/index.asp},
    arxivId = {1511.08327},
    keywords = {bootstrap, machine learning, parallel computing}
}

@misc{CBSWebmagazine,
    title = {{CBS - Dagje uit flink duurder - Webmagazine}},
    url = {http://www.cbs.nl/nl-NL/menu/themas/prijzen/publicaties/artikelen/archief/2014/2014-4104-wm.htm},
    keywords = {CBS, Centraal Bureau voor de Statistiek, Prijzen, afhaalservice., attractiepark, dierentuin en musea. Prijzen fastfoodrestaurant, festival, inflatie, theater, toegangsprijzen bioscoop}
}

@misc{BatraChallengesAlignment,
    title = {{Challenges in Business and IT Alignment}},
    author = {Batra, S.},
    url = {http://www.slideshare.net/panditvidur/challenges-in-business-and-it-alignment}
}

@article{MuHans-Georg1992Change-PointsAnalysis,
    title = {{Change-Points in Nonparametric Regression Analysis}},
    year = {1992},
    journal = {The Annals of Statistics},
    author = {M{\textbackslash}"u  Hans-Georg, ller},
    number = {2},
    pages = {737--761},
    volume = {20},
    url = {http://projecteuclid.org/euclid.aos/1176345976},
    isbn = {0090-5364},
    doi = {10.1214/aos/1176348654},
    issn = {0090-5364},
    pmid = {369},
    arxivId = {arXiv:1306.3979v1}
}

@article{GreatChapterIndustry,
    title = {{Chapter 1 : Overview of Industry}},
    author = {Great, The and Robbery, Train},
    pages = {19--23}
}

@article{Porter1980ChapterOperations,
    title = {{Chapter 2 : Analyzing a Theater ’ s Financial Statements {\&} Operations}},
    year = {1980},
    author = {Porter, Michael},
    number = {3},
    pages = {51--55}
}

@article{Pippins2008ClassifyingReconciliation,
    title = {{Classifying and predicting errors of inpatient medication reconciliation}},
    year = {2008},
    journal = {Journal of General Internal Medicine},
    author = {Pippins, Jennifer R. and Gandhi, Tejal K. and Hamann, Claus and Ndumele, Chima D. and Labonville, Stephanie A. and Diedrichsen, Ellen K. and Carty, Marcy G. and Karson, Andrew S. and Bhan, Ishir and Coley, Christopher M. and Liang, Catherine L. and Turchin, Alexander and McCarthy, Patricia C. and Schnipper, Jeffrey L.},
    number = {9},
    pages = {1414--1422},
    volume = {23},
    isbn = {5408316831},
    doi = {10.1007/s11606-008-0687-9},
    issn = {08848734},
    pmid = {18563493},
    keywords = {Continuity of patient care, Inpatients, Medication errors, Medication systems, hospital}
}

@article{Jiang2011ClusteringSimilarity,
    title = {{Clustering Uncertain Data Based on Probability Distribution Similarity}},
    year = {2011},
    journal = {IEEE Transactions on Knowledge and Data Engineering},
    author = {Jiang, Bin and Pei, Jian and Tao, Yufei and Lin, Xuemin},
    pages = {1--14},
    isbn = {1041-4347},
    doi = {10.1109/TKDE.2011.221},
    issn = {1041-4347}
}

@article{Zhao2011ComparingModels,
    title = {{Comparing Twitter and Traditional Media using Topic Models}},
    year = {2011},
    journal = {In Advances in Information Retrieval: 33rd European Conference on IR Research, ECIR},
    author = {Zhao, Wayne Xin and Jiang, Jing and Weng, Jianshu and He, Jing and Lim, Ee Peng},
    isbn = {9783642215148},
    doi = {4},
    issn = {0302-9743},
    pmid = {4520227},
    arxivId = {9780201398298},
    keywords = {microblogging, topic modeling, twitter}
}

@article{RishCriticalY,
    title = {{Critical Event Prediction for Proactive Management in Large-scale Computer Clusters {\textcopyright} ` Y 687 @ 9 {\&} A B {\pounds} CEDGF H H IEH {\$} PQIERTSU7WV {\S} X {\&} A B Wa Wa ` b dc 8egfhf @ a i5p5qhqsr bhb {\&} e b ¨ t  e fhb  b  a r  f ¨ rTp  thr {\textcopyright} ` Y  Y}},
    author = {Rish, I and Gupta, M and Moreira, J E and Ma, S}
}

@article{Wang2001DI1,
    title = {{d I l l I1}},
    year = {2001},
    author = {Wang, Hongyuan and Zenq, Shenggen and Yu, Chengang and Wang, Xiaogang and Xia, Deshen},
    pages = {253--258},
    isbn = {0769511139},
    keywords = {artificial neural network, cell image, cell image segmentation, computer-aided, diagnosis, peritoneal effusion, recognition}
}

@misc{DataPreprocessing,
    title = {{DataPreprocessing}}
}

@article{Najafabadi2015DeepAnalytics,
    title = {{Deep learning applications and challenges in big data analytics}},
    year = {2015},
    journal = {Journal of Big Data},
    author = {Najafabadi, Maryam M and Villanustre, Flavio and Khoshgoftaar, Taghi M and Seliya, Naeem and Wald, Randall and Muharemagic, Edin},
    number = {1},
    pages = {1},
    volume = {2},
    url = {http://www.journalofbigdata.com/content/2/1/1},
    isbn = {9783319115382},
    doi = {10.1186/s40537-014-0007-7},
    issn = {2196-1115},
    keywords = {Big data, Deep learning, big data, deep learning}
}

@article{Zwietasch2014DetectingTechniques,
    title = {{Detecting anomalies in system log files using machine learning techniques}},
    year = {2014},
    author = {Zwietasch, T},
    url = {http://elib.uni-stuttgart.de/handle/11682/3471}
}

@article{Xu2009DetectingLogs,
    title = {{Detecting large-scale system problems by mining console logs}},
    year = {2009},
    journal = {Proceedings of the ACM SIGOPS 22nd symposium on Operating systems principles - SOSP '09},
    author = {Xu, Wei and Huang, Ling and Fox, Armando and Patterson, David and Jordan, Michael I.},
    pages = {117},
    url = {http://portal.acm.org/citation.cfm?doid=1629575.1629587},
    isbn = {9781605587523},
    doi = {10.1145/1629575.1629587},
    issn = {0399077X},
    pmid = {7731688}
}

@article{Srivastava2005DiscoveringSystems,
    title = {{Discovering recurring anomalies in text reports regarding complex space systems}},
    year = {2005},
    journal = {IEEE Aerospace Conference Proceedings},
    author = {Srivastava, Ashok N. and Zane-Ulman, Brett},
    volume = {2005},
    isbn = {0780388704},
    doi = {10.1109/AERO.2005.1559692},
    issn = {1095323X}
}

@misc{Document,
    title = {{Document}}
}

@article{Xufei2011DocumentRepresentation,
    title = {{Document Clustering via Matrix Representation}},
    year = {2011},
    journal = {Data Mining (ICDM), 2011 IEEE 11th International Conference on},
    author = {Xufei, Wang and Jiliang, Tang and Huan, Liu},
    pages = {804--813},
    isbn = {1550-4786},
    doi = {10.1109/icdm.2011.59},
    issn = {1550-4786},
    keywords = {LDA, NMF, PLSI, Web pages, Web sites, clustering structures, cohesive segments, constraint handling, constraint optimization problem, document clustering, document handling, information retrieval, information retrieval tasks, k-means, matrix algebra, matrix model, matrix representation, optimisation, pattern clustering, probability, probability distribution, vector space model}
}

@misc{DoelenICT-projecten,
    title = {{Doelen stellen belangrijke succesfactor ICT-projecten}},
    url = {http://www.pieterbas.nl/doelen-stellen-belangrijke-succesfactor-ict-projecten/}
}

@article{Vosecky2013DynamicTwitter,
    title = {{Dynamic Multi-Faceted Topic Discovery in Twitter}},
    year = {2013},
    journal = {Proceedings of the 22nd ACM International Conference on Information {\&} Knowledge Management},
    author = {Vosecky, Jan and Jiang, Di and Leung, Kenneth Wai-ting and Ng, Wilfred},
    pages = {879--884},
    isbn = {9781450322638},
    doi = {10.1145/2505515.2505593},
    keywords = {clustering, topic model, twitter, unsupervised learning}
}

@article{Menon2006EffectiveLogs,
    title = {{Effective Techniques to Detect Anomalies in System Logs}},
    year = {2006},
    author = {Menon, Sandhya},
    number = {August},
    pages = {47}
}

@article{Yao2009EfficientCollections,
    title = {{Efficient methods for topic model inference on streaming document collections}},
    year = {2009},
    journal = {Proceedings of the 15th ACM SIGKDD international conference on Knowledge discovery and data mining - KDD '09},
    author = {Yao, Limin and Mimno, David and McCallum, Andrew},
    pages = {937},
    url = {http://portal.acm.org/citation.cfm?doid=1557019.1557121},
    isbn = {9781605584959},
    doi = {10.1145/1557019.1557121},
    keywords = {inference, topic modeling}
}

@article{Hong2010EmpiricalTwitter,
    title = {{Empirical study of topic modeling in twitter}},
    year = {2010},
    journal = {Proceedings of the First Workshop on Social {\ldots}},
    author = {Hong, Liangjie and Davison, Bd},
    pages = {80--88},
    url = {http://portal.acm.org/citation.cfm?doid=1964858.1964870%5Cnhttp://dl.acm.org/citation.cfm?id=1964870},
    isbn = {9781450302173},
    doi = {10.1145/1964858.1964870},
    issn = {15278999},
    pmid = {282},
    keywords = {social media, topic models, twitter}
}

@article{Srivastava2006EnablingTechniques,
    title = {{Enabling the Discovery of Recurring Anomalies in Aerospace Problem Reports using High-Dimensional Clustering Techniques}},
    year = {2006},
    journal = {2006 IEEE Aerospace Conference},
    author = {Srivastava, A.N. and Akella, R. and Diev, V. and Kumaresan, S.P. and McIntosh, D.M. and Pontikakis, E.D. and {Zuobing Xu} and {Yi Zhang}},
    pages = {1--17},
    url = {http://ieeexplore.ieee.org/lpdocs/epic03/wrapper.htm?arnumber=1656136},
    isbn = {0-7803-9545-X},
    doi = {10.1109/AERO.2006.1656136},
    issn = {1095323X},
    keywords = {Aerospace industry, Aerospace safety, Air safety, Clustering algorithms, Health and safety, NASA, Research and development, Supervised learning, Text mining, Unsupervised learning, aerospace problem reports, aerospace systems, anomaly discovery problem, aviation industry, data mining, database management systems, high dimensional clustering, recurring anomalies identification, space research, supervised learning problem, text mining algorithms, unsupervised learning problem}
}

@article{Lin1990ErrorAnalysis,
    title = {{Error log analysis: statistical modeling and heuristic trend analysis}},
    year = {1990},
    journal = {IEEE Transactions on Reliability},
    author = {Lin, T.-T.Y. and Siewiorek, D.P.},
    number = {4},
    pages = {419--432},
    volume = {39},
    url = {http://ieeexplore.ieee.org/xpl/freeabs_all.jsp?arnumber=58720},
    doi = {10.1109/24.58720},
    issn = {00189529},
    keywords = {- error log, all error types, an average, an error distribution for, analysis was outlined, and a failure, both, cpu utilization relationship, error distribution for each, error type, failure prediction, hard failures, intermittent and tran- that, involved three types of, sient faults, weibull distribution}
}

@article{Xu2010ExperienceLogs,
    title = {{Experience mining Google's production console logs}},
    year = {2010},
    journal = {Proceedings of the 2010 workshop on Managing systems via log analysis and machine learning techniques},
    author = {Xu, Wei and Huang, Ling and Fox, Armando and Patterson, David and Jordan, Michael},
    pages = {5},
    url = {http://portal.acm.org/citation.cfm?id=1928991.1928999},
    isbn = {9781605587523},
    doi = {10.1145/1629575.1629587}
}

@article{DeHaes2009ExploringEnterprises,
    title = {{Exploring the relationship between IT governance practices and business/ITalignment through extreme case analysis  in Belgian mid-to-large size financial enterprises}},
    year = {2009},
    journal = {Journal of Enterprise Information Management},
    author = {De Haes, S. and Van Grembergen, W.},
    number = {5},
    volume = {22}
}

@misc{FilmonderzoekDenkt,
    title = {{Filmonderzoek » Blog Archive » Is Netflix wel zo’n grote concurrent voor de bioscoopindustrie als men denkt?}},
    url = {http://www.filmonderzoek.nl/netflix-bioscoopindustrie},
    keywords = {bioscoopbezoek, bioscoopmonitor, bioscoopstatistieken, filmcijfers, filmonderzoek, filmstatistieken, marktonderzoek, onderzoeksbureau, online klantenpanel, publieksonderzoek, statistische analyses, vrijetijdsindustrie}
}

@misc{FilmonderzoekBeweert,
    title = {{Filmonderzoek » Blog Archive » Prijsstijging bioscoopkaartje veel minder dan CBS beweert}},
    url = {http://www.filmonderzoek.nl/prijsstijging-bioscoopkaartje-veel-minder},
    keywords = {bioscoopbezoek, bioscoopmonitor, bioscoopstatistieken, filmcijfers, filmonderzoek, filmstatistieken, marktonderzoek, onderzoeksbureau, online klantenpanel, publieksonderzoek, statistische analyses, vrijetijdsindustrie}
}

@misc{FilmonderzoekResearch,
    title = {{Filmonderzoek » Digital Cinema research}},
    url = {http://www.filmonderzoek.nl/english/digital-cinema-research},
    keywords = {bioscoopbezoek, bioscoopmonitor, bioscoopstatistieken, filmcijfers, filmonderzoek, filmstatistieken, marktonderzoek, onderzoeksbureau, online klantenpanel, publieksonderzoek, statistische analyses, vrijetijdsindustrie}
}

@misc{FilmvertoningDeOndernemer.nl,
    title = {{Filmvertoning 100 procent digitaal - DeOndernemer.nl}},
    url = {http://www.deondernemer.nl/deondernemer/647091/Filmvertoning-100-procent-digitaal.html},
    keywords = {b2b, business-to-business, kennisbron, netwerkmogelijkheden, regionaal}
}

@article{Steinbach2002Finding1,
    title = {{Finding Topics in Collections of Documents: A Shared Nearest Neighbor Approach 1}},
    year = {2002},
    journal = {Performance Computing},
    author = {Steinbach, Michael and Kumar, Vipin},
    pages = {1--20},
    isbn = {1402076827},
    doi = {10.1007/978-1-4613-0227-8{\_}3}
}

@article{Schiering2008Gaan,
    title = {{Gaan we naar de bioscoop ?}},
    year = {2008},
    author = {Schiering, Istvan}
}

@article{Vereniging2011Gids2011,
    title = {{Gids van de Nederlandse filmdistributie 2011}},
    year = {2011},
    author = {Vereniging, Nederlandse}
}

@article{Web2017HadoopR,
    title = {{Hadoop and R}},
    year = {2017},
    author = {Web, Integrate and With, Apps}
}

@article{Scholtens2013HetSpeelfilm,
    title = {{Het publiek en de Nederlandse speelfilm}},
    year = {2013},
    author = {Scholtens, Jorien},
    pages = {7--12}
}

@article{Gruber2007HiddenModels,
    title = {{Hidden topic Markov models}},
    year = {2007},
    journal = {Proceeding of the International Conference on Artificial Intelligence and Statistics},
    author = {Gruber, Amit and Rosen-Zvi, Michal and Weiss, Yair},
    pages = {163--170},
    isbn = {1595933832},
    doi = {10.1145/1143844.1143967},
    issn = {15324435}
}

@article{PentaHowAlgorithms,
    title = {{How to Effectively Use Topic Models for Software Engineering Tasks? An Approach Based on Genetic Algorithms}},
    journal = {Cs.Wm.Edu},
    author = {Penta, D and Lucia, D},
    url = {http://www.cs.wm.edu/~bdit/slides/ICSE'13.LDA-GA.pdf}
}

@article{Airoldi2016ImprovingText,
    title = {{Improving and Evaluating Topic Models and Other Models of Text}},
    year = {2016},
    journal = {Journal of the American Statistical Association},
    author = {Airoldi, Edoardo M and Bischof, Jonathan M},
    number = {August},
    pages = {1381--1403},
    volume = {111516},
    url = {http://amstat.tandfonline.com/action/journalInformation?journalCode=uasa20%5Cnhttp://dx.doi.org/10.1080/01621459.2015.1051182%5Cnhttp://dx.doi.org/./..},
    isbn = {0162-1459},
    doi = {10.1080/01621459.2015.1051182},
    issn = {0162-1459},
    keywords = {Categorical data, Hamiltonian Monte Carlo, High-dimensional data, Parallel inference, Text analysis}
}

@article{Mehrotra2013ImprovingLabeling,
    title = {{Improving LDA topic models for microblogs via tweet pooling and automatic labeling}},
    year = {2013},
    journal = {Proceedings of the 36th},
    author = {Mehrotra, R and Sanner, S and Buntine, W and Xie, L and Association for Computing Machinery, ; Special Interest Group on Information Rerieval (ACM SIGIR)},
    pages = {889--892},
    url = {http://dl.acm.org/citation.cfm?id=2484166%5Cnhttp://www.scopus.com/inward/record.url?eid=2-s2.0-84883095788&partnerID=40&md5=53ef4394ba9f61d379e5f0482c29f28c},
    isbn = {9781450320344 (ISBN)},
    doi = {10.1145/2484028.2484166},
    keywords = {lda, microblogs, topic modeling}
}

@article{Li2014ImprovingMaintenance,
    title = {{Improving rail network velocity: A machine learning approach to predictive maintenance}},
    year = {2014},
    journal = {Transportation Research Part C: Emerging Technologies},
    author = {Li, Hongfei and Parikh, Dhaivat and He, Qing and Qian, Buyue and Li, Zhiguo and Fang, Dongping and Hampapur, Arun},
    pages = {17--26},
    volume = {45},
    doi = {10.1016/j.trc.2014.04.013},
    issn = {0968090X},
    keywords = {Big data, Condition based maintenance, Information fusion, Multiple wayside detectors, Predictive modeling, Rail network velocity}
}

@article{Nguyen2015ImprovingRepresentations,
    title = {{Improving Topic Models with Latent Feature Word Representations}},
    year = {2015},
    author = {Nguyen, Dat Quoc and Billingsley, Richard and Du, Lan and Johnson, Mark},
    pages = {299--313},
    volume = {3}
}

@article{Ester1998IncrementalEnvironment,
    title = {{Incremental Clustering for Mining in a Data Warehousing Environment}},
    year = {1998},
    journal = {Data Base},
    author = {Ester, Martin and Kriegel, Hans-peter and Sander, Jörg and Wimmer, Michael and Xu, Xiaowei},
    pages = {323--333},
    url = {http://citeseerx.ist.psu.edu/viewdoc/download?doi=10.1.1.18.7933&amp;rep=rep1&amp;type=pdf},
    isbn = {1-55860-566-5},
    issn = {03029743}
}

@article{SreeBhuvana2016InternationalCloud,
    title = {{International Journal of Advanced Research in Computer Science and Software Engineering Detecting Errors in Big Data on Cloud}},
    year = {2016},
    author = {Sree Bhuvana, V and Bhargavi, Y and Rajsekar, S and Mahesh Babu, M and Kishore, T Krishna},
    number = {3},
    volume = {6},
    url = {https://www.ijarcsse.com/docs/papers/Volume_6/3_March2016/V6I3-0374.pdf},
    keywords = {Cloud Computing, Data Abnormality, Error Detection, Sensor Networks, — Bigdata}
}

@article{Sankaran2016Introduction,
    title = {{Introduction}},
    year = {2016},
    author = {Sankaran, Kris}
}

@article{Singh2009InvestigatingConcepts,
    title = {{Investigating business-IT alignment through multi-disciplinary goal concepts}},
    year = {2009},
    journal = {Requirements Engineering},
    author = {Singh, Sase Narine and Woo, Carson},
    number = {3},
    pages = {177--207},
    volume = {14},
    isbn = {0947-3602},
    doi = {10.1007/s00766-009-0081-0},
    issn = {09473602},
    keywords = {Business-IT alignment, Goal-based frameworks, Requirements engineering}
}

@article{Lu2011InvestigatingLDA,
    title = {{Investigating task performance of probabilistic topic models: An empirical study of PLSA and LDA}},
    year = {2011},
    journal = {Information Retrieval},
    author = {Lu, Yue and Mei, Qiaozhu and Zhai, Cheng Xiang},
    number = {2},
    pages = {178--203},
    volume = {14},
    isbn = {1386-4564},
    doi = {10.1007/s10791-010-9141-9},
    issn = {13864564},
    keywords = {Evaluation, Experimentation, LDA, PLSA, Performance, Topic models}
}

@misc{IsFilmnieuws,
    title = {{Is Netflix wel zo’n grote concurrent voor de bioscoopindustrie als men denkt? - FilmTotaal filmnieuws}},
    url = {http://www.filmtotaal.nl/artikel.php?id=42205},
    keywords = {Is Netflix wel zo’n grote concurrent voor de biosc}
}

@article{Jingwei2014KnowledgeLDA,
    title = {{Knowledge Discovery from Big Data for Intrusion Detection Using LDA}},
    year = {2014},
    journal = {Big Data (BigData Congress), 2014 IEEE International Congress on},
    author = {Jingwei, Huang and Kalbarczyk, Z and Nicol, D M},
    pages = {760--761},
    isbn = {978-1-4799-5057-7},
    doi = {10.1109/BigData.Congress.2014.111},
    keywords = {Big Data, Data models, LDA, LDA models, Monitoring, Vocabulary, anomaly-based methods, data mining, intrusion detection, knowledge discovery, latent Dirichlet allocation, learning (artificial intelligence), learning algorithms, network logs, security of data, signature-based methods, system logs, topic modeling problem}
}

@article{Blei2003LatentAllocation,
    title = {{Latent Dirichlet Allocation}},
    year = {2003},
    journal = {Journal of Machine Learning Research},
    author = {Blei, David M and Edu, Blei@cs Berkeley and Ng, Andrew Y and Edu, Ang@cs Stanford and Jordan, Michael I and Edu, Jordan@cs Berkeley},
    pages = {993--1022},
    volume = {3},
    isbn = {9781577352815},
    doi = {10.1162/jmlr.2003.3.4-5.993},
    issn = {15324435},
    pmid = {21362469},
    arxivId = {1111.6189v1}
}

@article{Zinman2010LatentAllocation,
    title = {{Latent dirichlet allocation}},
    year = {2010},
    journal = {MIS Quarterly},
    author = {Zinman, A and Donath, J and Zhu, Yanchun and Zhang, Wenping Wei and Yu, Changhai and Zhou, J and Zhao, Fang and Huang, Yongzhen Yalou and Wang, Liang and Tan, Tieniu and Zhang, Tong and Zhang, Liang and Yang, Jie Jing and Chu, Wei and Tseng, Belle L and Zhang, Dongsong Dakun and Yan, Zhijun and Jiang, Hansi and Kim, Taeha and Zhai, Zhongwu and Liu, Bing and Xu, Hua and Jia, Peifa and {YouTube} and Yoo, Kyung-Hyan and Gretzel, Ulrike and Ying, Xiaowei and Wu, Xintao and Barbar {\textbackslash}'a, Daniel and Yang, Kun Kuo-Shu and Yang, Chao and Zhang, Jie Jialong Jun and Gu, Guofei and Xuan, Liu and Pengzhu, Zhang and Xu, Chang and Zhang, Jie Jialong Jun and Chang, Kuiyu Kevin Chen-Chuan and Long, Chong and Xiao, Bo and Benbasat, Izak and Wu, Shelly Xiaonan and Banzhaf, Wolfgang and Wu, Guangyu and Greene, Derek and Smyth, Barry and Cunningham, P 'adraig and Whissell, John S. and Clarke, Charles L. A. and Welch, Michael J and Schonfeld, Uri and He, Dan and Cho, Junghoo and Wang, Xiaolong Xinxi and Wang, Ye and Wei, Furu and Liu, Xiaohua and Zhou, Ming and Zhang, Ming Michael and Wang, De and Irani, Danesh and Pu, Calton and Wang, Chong and Blei, David M and Li, Fei-Fei and Wang, Alex Hai and Virdhagriswaran, Sankar and Dakin, Gordon and Vijayalekshmi, S and Rabara, S A and van Marle, D and Utgoff, Paul E and Ukkonen, Esko and Tsui, Anne S and Tsai, Cheng Hao and Lin, Chenghua Chin Y Chih-Jen Jen Chieh Yen and Lin, Chenghua Chin Y Chih-Jen Jen Chieh Yen and Toneguzzi, M and Tiantian, Qin and Burgoon, Judee K and Blair, J P and Nunamaker, J F and Tian, Tian and Zhu, Jun and Xia, Fen and Zhuang, Xin and Zhang, Tong and Thomas, J and Biros, D and Tan, Enhua and Guo, Lei and Chen, Songqing and Zhang, Xiaodong and Zhao, Yihong and Swaminathan, Ashwin and Cattelan, Renan G and Wexler, Ydo and Mathew, Cherian V and Kirovski, Darko and Sureka, Ashish and Suhara, Yoshihiko and Toda, Hiroyuki and Nishioka, Shuichi and Susaki, Seiji and Stone-Gross, Brett and Stevens, Ryan and Zarras, Apostolis and Kemmerer, Richard and Kruegel, Chris and Vigna, Giovanni and Steyvers, Mark and Griffiths, Tom and Spirin, Nikita and Han, Jiawei and Soucy, Pascal and Mineau, Guy W and Sood, Sara Owsley and Churchill, Elizabeth F and Antin, Judd and Song, Long and Zhang, Wenping Wei and Lau, RYK and Liao, SSY and Kwok, RCW and Singhal, Amit and Choi, John and Hindle, Donald and Lewis, David D and Pereira, Fernando and Singh, Monika and Bansal, Divya and Sofat, Sanjeev and Short, John and Christie, Bruce and Williams, Ederyn and Shoaib, M. and Farooq, M. and Shapiro, Joseph M and Lamont, Gary B and Peterson, Gilbert L and Shalev-Shwartz, Shai and Singer, Yoram and Srebro, Nathan and Cotter, Andrew and Sebastiani, Fabrizio and Ricerche, Consiglio Nazionale Delle and Sculley, David and Salton, Gerard and McGill, Michael J and Sahin, Y and Duman, E and Rosenblatt, Frank and Rockmann, Kevin W and Northcraft, Gregory B and Robinson, Sandra and Robertson, Stephen E and Walker, Steve and Beaulieu, M M and Gatford, Mike and Payne, Alison and Riedl, RenÃ© and Hubert, Marco and Kenning, Peter and Resnick, Paul and Zeckhauser, Richard and Swanson, John and Lockwood, Kate and Rayana, Shebuti and Akoglu, Leman and Ramage, Daniel and Hall, David and Nallapati, Ramesh and Manning, Christopher D and Po-Ching, Lin and Po-Min, Huang and Perez, D G and Lavalle, M M and Pavlou, Paul A and Dimoka, Angelika and Pandit, Shashank and Chau, Duen Horng and Wang, Samuel Shengjie and Faloutsos, Christos and Ott, Myle and Choi, Yejin and Cardie, Claire and Hancock, Jeffrey T and Ostaszewski, Marek and Seredynski, Franciszek and Bouvry, Pascal and O'Callaghan, Derek and Harrigan, Martin and Carthy, Joe and Cunningham, P 'adraig and Nhien An Le, Khac and Markos, S and Kechadi, M T and Nevo, Dorit and Benbasat, Izak and Wand, Yair and Najada, Hamzah Al and Zhu, Xingquan and Myers, Eugene W and Musau, Felix and Wang, Guojun and Abdullahi, Muhammad Bashir and Mukherjee, Subhabrata and Malu, Akshat and A.R., Balamurali and Bhattacharyya, Pushpak and Mukherjee, Arjun and Liu, Bing and Glance, Natalie and Kumar, Abhinav and Liu, Bing and Wang, Junhui and Hsu, Meichun and Castellanos, Malu and Ghosh, Riddhiman and Moghaddam, Samaneh and Ester, Martin and Mitchell, Tom M and Miller, Zachary and Dickinson, Brian and Deitrick, William and Hu, Wei and Wang, Alex Hai and {Miguel Helft} and Metwally, Ahmed and Agrawal, Divyakant and El Abbadi, Amr and Abbadi, Amr El and Mesleh, Abdelwadood Moh'd A and Mercer, Lindsay C and Mehrabian, Albert and Russell, James A and McAllister, Daniel J and Mason, Jennifer and Martinez-Romo, Juan and Araujo, Lourdes and Martinez, Christophe and Tony, Giraud-Carrier and Markines, Benjamin and Cattuto, Ciro and Menczer, Filippo and Maranzato, Rafael and Pereira, Adriano M and Neubert, Marden and do Lago, Alair Pereira and Neubert, Marden and Pereira, Adriano M and do Lago, Alair Pereira and Manaskasemsak, Bundit and Jiarpakdee, Jirayus and Rungsawang, Arnon and Luca, Michael and Zervas, Georgios and Liu, Tao and Liu, Ou and Ma, Jian and Poon, Pak-Lok and Zhang, Jie Jialong Jun and Liu, Jingjing and Cao, Yunbo and Lin, Chenghua Chin Y Chih-Jen Jen Chieh Yen and Huang, Yongzhen Yalou and Zhou, Ming and Liu, Bing and Liu, Lin and Tsykin, Anna and Goodall, Gregory J and Green, Jeffrey E and Zhu, Min and Kim, Chang Hee and Li, Jiuyong and Lin, Yu-Ru and Sundaram, Hari and Chi, Yun and Tatemura, Junichi and Tseng, Belle L and Lin, Liu and Kun, Jia and Lin, Chenghua Chin Y Chih-Jen Jen Chieh Yen and Weng, Ruby C and Keerthi, S Sathiya and He, Yulan and Lim, Ee-Peng and Nguyen, Viet-An and Jindal, Nitin and Liu, Bing and Lauw, Hady Wirawan and Li-Jen, Kao and Yo-Ping, Huang and Li, Ze Zhiguo and Shen, Haiying and Grant, Joseph Edward and Li, Yi and Long, PhilipM and Li, Wenbo and Sun, Le and Feng, Yuanyong and Zhang, Dongsong Dakun and Li, Rui and Wang, Samuel Shengjie and Deng, Hongbo and Wang, Rui and Chang, Kuiyu Kevin Chen-Chuan and Leon-Suematsu, Yutaka I and Inui, Kentaro and Kurohashi, Sadao and Kidawara, Yutaka and Lee, Kyumin and Caverlee, James and Webb, Steve and Cheng, Zhiyuan and Sui, Daniel Z and Klos, Tomas B and Alkemade, Floortje and Kim, Soo-Min and Pantel, Patrick and Chklovski, Tim and Pennacchiotti, Marco and Kietzmann, Jan H and Hermkens, Kristopher and McCarthy, Ian P and Silvestre, Bruno S and Kaplan, Andreas M and Haenlein, Michael and Kaiyong, Deng and Ru, Zhang and Dongfang, Zhang and WenFeng, Jiang and Xinxin, Niu and Hong, Guo and Johnson, Paul E and Grazioli, Stefano and Jamal, Karim and Berryman, R G and Johns, Gary and Joachims, Thorsten and Jindal, Nitin and Liu, Bing and Lim, Ee-Peng and Ji, Li and Lu, Liu and Jie, Xu and James Poon, Teng Fatt and Jagatic, Tom N and Johnson, Nathaniel A and Jakobsson, Markus and Menczer, Filippo and Iyer, Divya and Mohanpurkar, Arti and Janardhan, Sneha and Rathod, Dhanashree and Sardeshmukh, Amruta and {IC3} and Hofmeyr, Steven Andrew and Heydari, Atefeh and Tavakoli, Mohammad ali and Salim, Naomie and Heydari, Zahra and Hesse-Biber, Sharlene and Heinrich, Christina U and Borkenau, Peter and Harris, Lloyd C and {Harold} and {Nguyen} and {Nexgate} and Harary, F and Halliday, Michael A and Matthiessen, Christian M and Hahn, Jungpil and Wang, Tawei and Gupta, S and Johari, R and Gupta, Rajeev and Gupta, Himanshu and Mohania, Mukesh and Guha, R and Kumar, Ravi and Raghavan, Prabhakar and Tomkins, Andrew and Grier, Chris and Thomas, Kurt and Paxson, Vern and Zhang, Ming Michael and Gregg, Dawn G and Scott, Judy E and George, J F and Marett, K and Tilley, P and Geng, Xin and Smith-Miles, Kate and Ge, Liang and Gao, Jing and Li, Xiaoyi and Zhang, Aidong and Gayo-Avello, Daniel and Gabbur, Prasad and Pankanti, Sharath and Fan, Quanfu and Trinh, Hoang and Fu, Xianghua and Yang, Kun Kuo-Shu and Huang, Joshua Zhexue and Cui, Laizhong and Fran{\c{c}}ois, Rousseau and Michalis, Vazirgiannis and Forman, George and Fisher, Douglas H and Felt, Adrienne and Evans, David and Fayazi, Amir and Lee, Kyumin and Caverlee, James and Squicciarini, Anna and Fawcett, Tom and Provost, Foster and Fairclough, Norman and Excell, David and {Ensing} and {David} and Dunham, Margaret H and Ming, Data and Duda, Richard O and Hart, Peter E and Stork, David G and Duan, Zhenhai and Gopalan, Kartik and Yuan, Xin and Djamasbi, Soussan and Loiacono, Eleanor T and Dellarocas, Chrysanthos and Dave, Vacha and Guha, Saikat and Zhang, Yin and Danescu-Niculescu-Mizil, Cristian and Kossinets, Gueorgi and Kleinberg, Jon and Lee, Lillian and Dai, Hanbo and Zhu, Feida and Lim, Ee-Peng and Pang, HweeHwa and Daft, R L and Lengel, R H and Dae-Ha, Park and Eun-Ae, Cho and Byung-Won, On and Cui, K and Zhou, B and Jia, Y and Liang, Z and Crammer, Koby and Dekel, Ofer and Keshet, Joseph and Shalev-Shwartz, Shai and Singer, Yoram and Cortes, Corinna and Vapnik, Vladimir and Congfu, Xu and Baojun, Su and Yunbiao, Cheng and Weike, Pan and Chu, Victor W. and Wong, Raymond K. K. and Chen, Fang and Chi, Chi-Hung and Chin, Wynne and Marcolin, Barbara and Newsted, Peter and Chen, Yu-Ren and Chen, Hsin-Hsi Hsinchun and Chang, Remco and Ghoniem, Mohammad and Kosara, Robert and Ribarsky, William and Yang, Jie Jing and Suma, Evan and Ziemkiewicz, Caroline and Kern, Daniel and Sudjianto, Agus and Chang, I Chiu and Hwang, Hsin-Ginn and Hung, Ming-Chien and Lin, Ming-Hui and Yen, David C and Chandramouli, R and Chandola, Varun and Banerjee, Arindam and Kumar, Vipin and Cenfetelli, Ronald T and Benbasat, Izak and Al-Natour, Sameh and Casella, George and George, Edward I and Cappella, Joseph N and Greene, John O and Burgoon, Judee K and Buller, David B and Ebesu, Amy and Rockwell, Patricia and Burgoon, Judee K and Brown, Garrett and Howe, Travis and Ihbe, Micheal and Prakash, Atul and Borders, Kevin and Brody, Samuel and Elhadad, Noemie and Boyle, R J and Boyd, D and Heer, J and Boshmaf, Yazan and Muslukhov, Ildar and Beznosov, Konstantin and Ripeanu, Matei and Borgatti, Stephen P and Mehra, Ajay and Brass, Daniel J and Labianca, Giuseppe and Bollen, Johan and Mao, Huina and Zeng, Xiaojun and Blei, David M and Ng, Andrew Y and Jordan, Michael I and Blanco, Roi and Lioma, Christina and Bishop, Christopher M and B{\'{i}}r{\'{o}}, István and Szab{\'{o}}, Jácint and Bencz{\'{u}}r, András A and Benson Edwin Raj, S and Portia, A A and Benevenuto, Fabr ' icio and Rodrigues, Tiago and Almeida, Virg ' ilio and Almeida, Jussara and Gon{\textbackslash}ccalves, Marcos and Veloso, A and Almeida, Jussara and Goncalves, M and Almeida, Virg ' ilio and Balfe, Shane and Paterson, Kenneth G and Ba, Sulin and Pavlou, Paul A and Au, Norman and Ngai, Eric W T and Cheng, T C Edwin and Aphinyanaphongs, Yindalon and Fu, Lawrence D and Li, Ze Zhiguo and Peskin, Eric R and Efstathiadis, Efstratios and Aliferis, Constantin F and Statnikov, Alexander and Amati, Gianni and Van Rijsbergen, Cornelis Joost and Alsaleh, Mansour and Alarifi, Abdulrahman and Al-Salman, Abdul Malik and Alfayez, Mohammed and Almuhaysin, Abdulmajeed and Al-Harbi, S and Almuhareb, A and Al-Thubaity, A and Khorsheed, M S and Al-Rajeh, A and Al-Furiah, Saleh and Al-Braheem, Lamia and Alexandrov, Mikhail and Gelbukh, Alexander F and Lozovoi, George and Ahmed, Shabbir and Mithun, Farzana and Ahmed, Faraz and Abulaish, Muhammad and Abbasi, Ahmed and Zhang, Zhu and Zimbra, David and Chen, Hsin-Hsi Hsinchun and Nunamaker Jr, Jay F},
    number = {3},
    pages = {993--1022},
    volume = {3},
    url = {http://www.sciencedirect.com/science/article/pii/S0140366413001047%5Cnhttp://ceas.cc/2004/167.pdf%5Cnhttp://doi.acm.org/10.1145/1806338.1806450%5Cnhttp://eprints.soton.ac.uk/272254/%5Cnhttp://ieeexplore.ieee.org/lpdocs/epic03/wrapper.htm?arnumber=7033160%25},
    isbn = {1532-4435},
    doi = {10.1016/s0364-0213(01)00040-4},
    issn = {1386-4564},
    pmid = {21362469},
    arxivId = {1111.6189v1},
    keywords = {0454, 0723, 0984, 1220, 1494, 1516, 1581 7837, 1781 4068 7406 7375 825, 2022, 2100, 2340, 2382 7401, 2400, 2420, 2500, 2586, 2593 677, 2598 4068 7406 7375 825, 2667, 2671 7694, 2750, 3020, 3040, 3116 2022, 3660, 3892 3869 6601 8049 1516, 4063 1573, 4067 4068 7406 7375 825, 4300, 454112, 4550 8550 1070 5831, 4605 1583, 4901, 4952, 5250, 5497 7375 825, 6213 1516, 6242 5831, 6613 7375 825, 708 5760, 7300, 7419 5760, 7906, 8249 6298 7375 825, 8390, 8444 5760, 9130, 9190, ATT, Accuracy, Adaptable, Adulthood (18 yrs {\&} older), Aftereffect model, Algorithms, Anomaly detection, Applied, Applied sciences, Astroturf political campaigns, Asymmetric and Private Information (D820), Auctions, Auditory Perception, Automated social engineering, BM25, BNC, BUSINESS ethics, Bayes methods, Bayesian network classifier, Bayesian network classifiers, Behavioral Research, Behavioral sciences, Benchmark testing, Biological Sciences, Bose--Einstein statistics, Botnets, Browsers, Business and Economics, COMMUNITY STRUCTURE, COMPLEX NETWORKS, CONDITIONED response, CONNECTIVITY, CONSUMER education, CONSUMER fraud, CONSUMER protection, Celebrities, Chinese microblog, Classification, Classification algorithms, Clustering, Cognitions, Cognitive Processes, Collective mood, Communication, Communication Systems, Communication and the arts, Communities, Community Networks, Computer Softwa, Computer mediation, Computer science, Computer security, Content spam, Contracts and Reputat, Cooperation, Credibility, Customer relations, Data analysis, Data mining, Data sampling, Data stream, Deception, Decision trees, Detection, Distributed detection, Document clustering, Dyads, Dynamic topic analysis, E-business, EBAY, ELECTRONIC commerce, EMV, Electronic commerce, Electronic mail systems, Emotions, Empirical Study, Employee Attitudes, Employee Interaction, Employees, Employers, Environmental Effects, Environmental Stress, Evolution, Experimental/theoretical, Experimental/theoretical treatment, FALSE advertising, Facebook, Fake reviews, Fake user accounts, Familiarity, Feature extraction, Feature vectors, Feature weighting, Feedback, Female, Filtering, First, Fraud, General Psychology, Genetic algorithms, Germany, Graph centrality, Graph theory, Group {\&} Interpersonal Processes, HIERARCHICAL DIRICHLET PROCESSES, HIGH technology, Heuristic, Hierarchical Dirichlet Process, Human, Humans, INFORMATION resources, INFORMATION resources management, INFORMATION technology, INTERNET advertising, INTERNET marketing, INTERNET users, Image, Immunological, Inference, Information Systems, Information and Internet Services, Information retrieval, Internet, Interpersonal Communication, Interpersonal Influences, Interpersonal Relations, Interpersonal communication, J4.8 algorithm, J48, Katz score, Laplace, Law, LinkedIn, Logistics, Lying, MARKETING, METABOLIC NETWORKS, MODEL, MTIO, Machine Learning, Machine learning, Machine learning algorithms, Male, Malicious users, Malware, Management, Management Personnel, Managers, Mass Media, Mass Media Communications, Models, Monte Carlo simulation, More, Motivation, Natural language processing, Negative selection, New employees, Non-malicious users, Non-parametric topic model, Northern America, ORGANIZATION, Occupational psychology, Okapi BM25, Online Social Networks (OSNs), Online privacy, Online social networks, Ontologies, Ontology, Opinion spam, Organizational Behavior, Organizational behavior, PSYCHOLOGY, Phishing websites, Poisson, Prestige, Probabilistic logic, Problem Solving, Professional Personnel, Professional relationships, Promoter, Proximity, Psychological Theory, Psychological aspects, Psychology: Professional {\&} Research, Public relations, Quantitative Study, RESEARCH, Random variables, Reciprocity, Regression analysis, Reputation, Reputation management, Reputations, Research and Development: Ge, Retail and Wholesale Trade, Retailing, Retailing industry, Review spam, Review spammer detection, SCALE-FREE NETWORKS, SERVICE industries -- Marketing, SMALL-WORLD NETWORKS, SNS features, SVM, Sales, Sales {\&} selling, Second, Semantics, Sentiment analysis, Sentiment tracking, Servers, Service level agreements, Sina Weibo, Social Media, Social Perception, Social Perception {\&} Cognition, Social Sciences, Social Sciences: trends, Social Support, Social aspects, Social conditions {\&} trends, Social media, Social network, Social network analysis, Social network security, Social network service, Social network services, Social networking sites, Social networks, Social research, Social sciences, Social trends {\&} culture, Socialbots, Spam, Spam campaign identification, Spam detection, Spam detection techniques, Spam profile identification, Spamdexing, Spamming, Statistical natural language processing, Stochastic gradient descent, Stock market, Studies, Support vector machines, Survey, Sybil account, Sybil accounts detection, TEXT, TSD, Technological Change, Technology, Telecommunication, Telecommunications systems {\&} Internet communicatio, Text mining, Theory, Topic sentiment analysis, Training, Transactional Relationships, Trust, Trust (Social Behavior), Trust Scale, Truth bias, Twitter, Twitter API, Twitter spam, U 2000, U.S., URL rate, US, USpam, United States, Unsolicited electronic mail, User Centered Design, User Generated Content, User-generated content, Vectors, Virtual worlds, Visual Perception, WEB, WEB sites, Web 2.0, Web spam, Web spamming prevention techniques, Weibo spam detection method, Willingness to pay, YouTube, [[mkup]]Deception[[mkup]], accounting fraud, ad fraud, ad networks, adaptive deception, adaptive learning paths, affect {\&} cognitions in development of interpersona, affective based trust, amazon, annotations, anomaly detection, ant colony optimization, application, application program interfaces, approximate set similarity, article, artificial neural network, auction, automated Turing tests, automated deception detection, bayesian, bayesian parameter estimation, belief networks, belief propagation, binomial law, bipartite cores, blogs, book, bookitem, card not present, classification, classification method, click spam detection, cliques enumeration, cmc, coalition fraud attacks, coevolutionary algorithms, cognitive based trust, communication technology, computational model, computer network security, consistency of visible {\&} audible characteristics, content-based spam detection frameworks, cooperative behavior, credibility, credit card, crowdsourced manipulation, crowdsourcing, crowdsourcing site, data mining, data sampling, dblp, deceptive review, deep belief network, defection, detecting deception, detection, discrepancy-arousal hypothesis, distrust, document length normalization, e-Commerce (L810), e-business, e-commerce Web sites, e-mail, e-markets, eBay Inc, ecology, effective features, electronic markets, eliteness, email, emerging outbreak monitoring, emnlp2007, environmental psychology, evaluation, expertise location, expressive behavio, facebook, fake identities, fake product reviews, fake reviews, fake web review, feature extraction, file-import-08-07-28, financial fraud, framework, fraud, fraud detection, fraud evidence, fraud prevention, fuzzy logic, graph theory, graphical model, heterogenous networks, iSRD, identity, idf, imbalanced data distribution, imbalanced data distributions, information, information retrieval, information systems, interaction rate, internet advertising, invasive software, large margin classifiers, latent dirichlet allocation, lda, learning (artificial intelligence), learning methods, least-squares, logistic regression, long-surviving Twitter spam accounts, machine learning algorithm, machine learning classifiers, malware, markov random fields, media richness, mercer, meta-memory, metadata, microblog, microblogging social network, microblogging spam detection, multi-instance learning, multiple motives of deception as strategic communi, naive Bayes, on-line intrusion analysis, online advertising, online communities, online customer service, online fraud, online learning, online markets, online shopping process, ontologies (artificial intelligence), opinion mining, opinion spam, opinion spam detection, outlier detection, parisian approach, pattern classification, pattern discovery, penalty distance, perceptrons, plagiarism, plda, post, privacy, probabilistic models, product reviews, promoter, pvnets, randomness, real data experiments, regression, regularity, reputation management, reputation mechanisms, reputation systems, resource, response, retail, retail data processing, retreival, review analysis, review helpfulness, review site, review spam, review spammer, review utility, reviewer behavior, reward distance, scalable algorithms, security, self-nonself space pattern construction, self-similarity, semi-supervised learning, sentiment, sentiment analysis, service quality, shilling, signaling, similarity-sensitive sampling, sir, smoothing, social honeypots, social influence, social media, social media spam, social network security, social networking (online), social networking Websites, social networking services, social networks, social spam, social spam discovery, social-networks, social-spam, spam, spam detection, spam message detection, spam review detection, spammer, spammer identification, spamming behavior, spectrum, splog detection, stepwise, succession law, supervised classification methods, support vector machine, support vector machines, supporting services, supporting services functionality, sweethearting, tag, tag similarity, teiresias, temporal dynamics, term frequency normalization, term weighting, text categorization, text classification, topic model, topic modeling, topology, transactive memory, trust, trust management, trust propagation, trusted computing, twitter, unexpected patterns, unsolicited e-mail, user accounts, user centric ontology, user-generated content, video, video promotion, video response, video spam, web 2.0, web forum, web of trust, web security, web spam detection, wide scale proliferation}
}

@article{Krestel2009LatentRecommendation,
    title = {{Latent dirichlet allocation for tag recommendation}},
    year = {2009},
    journal = {RecSys},
    author = {Krestel, Ralf and Fankhauser, Peter and Nejdl, Wolfgang},
    number = {October 2016},
    pages = {61--68},
    url = {http://portal.acm.org/citation.cfm?id=1639714.1639726},
    isbn = {9781605584355},
    doi = {10.1145/1639714.1639726},
    issn = {00283932},
    keywords = {delicious, social bookmarking system, tag recommendation, tag search}
}

@article{Yu2017LDA:System,
    title = {{LDA*: A Robust and Large-scale Topic Modeling System}},
    year = {2017},
    journal = {Vldb},
    author = {Yu, Lele and Zhang, Ce and Shao, Yingxia and Cui, Bin},
    number = {11},
    pages = {1406--1417},
    volume = {10},
    url = {http://net.pku.edu.cn/~cuibin/Papers/2017VLDB LDA.pdf}
}

@article{Wei2006LDA-basedRetrieval,
    title = {{LDA-based document models for ad-hoc retrieval}},
    year = {2006},
    journal = {Proceedings of the 29th annual international ACM SIGIR conference on Research and development in information retrieval SIGIR 06},
    author = {Wei, Xing and Croft, W Bruce},
    pages = {178},
    volume = {pages},
    isbn = {1595933697},
    doi = {10.1145/1148170.1148204},
    issn = {00295515},
    keywords = {allocation, document model, information retrieval, language model, latent, lda, topic model}
}

@article{Coates2012LearningK-means,
    title = {{Learning feature representations with K-means}},
    year = {2012},
    journal = {Lecture Notes in Computer Science (including subseries Lecture Notes in Artificial Intelligence and Lecture Notes in Bioinformatics)},
    author = {Coates, Adam and Ng, Andrew Y.},
    pages = {561--580},
    volume = {7700 LECTU},
    isbn = {9783642352881},
    doi = {10.1007/978-3-642-35289-8-30},
    issn = {03029743}
}

@misc{Lecture13-gibbslda,
    title = {{Lecture13-gibbslda}}
}

@article{Nallapati2008Link-PLSA-LDA:Blogs,
    title = {{Link-PLSA-LDA: A new unsupervised model for topics and influence of blogs}},
    year = {2008},
    journal = {International Conference for Weblogs and Social {\ldots}},
    author = {Nallapati, Ramesh and Cohen, William W. and Nallapati{\ldots}, R},
    pages = {84--92},
    url = {http://www.aaai.org/Library/ICWSM/2008/icwsm08-018.php%5Cnhttps://www.aaai.org/Papers/ICWSM/2008/ICWSM08-018.pdf%5Cnpapers://d0a46af5-98a1-4365-adb7-c8ea03c45bf3/Paper/p6270},
    isbn = {9781577353553},
    keywords = {AAAI AI artificial intelligence}
}

@article{Sipos2014Log-basedMaintenance,
    title = {{Log-based predictive maintenance}},
    year = {2014},
    journal = {Proceedings of the 20th ACM SIGKDD international conference on Knowledge discovery and data mining - KDD '14},
    author = {Sipos, Ruben and Fradkin, Dmitriy and Moerchen, Fabian and Wang, Zhuang},
    pages = {1867--1876},
    url = {http://dl.acm.org/citation.cfm?doid=2623330.2623340},
    isbn = {9781450329569},
    doi = {10.1145/2623330.2623340}
}

@article{Chunhe2016MachineData,
    title = {{Machine Learning under Big Data}},
    year = {2016},
    journal = {Conference on Electronic, Mechanical, Information and Management},
    author = {Chunhe, Shi and Chengdong, Wu and Xiaowei, Han and Yinghong, Xie and Zhen, Li},
    number = {Emim},
    pages = {301--305},
    keywords = {abstract, and using machine, become a common concern, becoming the worldwide focus, big data, classification, currently big data is, distributed and parallel computing, learning techniques to obtain, machine learning, massive data of complex, of attention, structures has, summarizes the present, this paper analyzes and, valuable information from the, yet an urgent problem}
}

@article{Hoffman2016MarkovModels,
    title = {{Markov Chain Monte Carlo for Deep Latent Gaussian Models}},
    year = {2016},
    author = {Hoffman, Matthew D},
    number = {3},
    issn = {1938-7228}
}

@article{Luftman2003MeasureAlignment,
    title = {{Measure your business-IT alignment}},
    year = {2003},
    author = {Luftman, Jerry}
}

@article{Towne2016MeasuringPerception,
    title = {{Measuring Similarity Similarly: LDA and Human Perception}},
    year = {2016},
    journal = {ACM Transactions on Intelligent Systems and Technology ACM Reference Format ACM Trans. Intell. Syst. Technol},
    author = {Towne, W Ben and Ros{\'{e}}, Carolyn P and Herbsleb, James},
    number = {2},
    pages = {1--25},
    volume = {7},
    url = {http://www.cs.cmu.edu/~cprose/TIST.pdf},
    isbn = {2157-6904},
    doi = {10.1145/0000000.0000000},
    issn = {21576912}
}

@article{Aletras2014MeasuringTopics,
    title = {{Measuring the Similarity between Automatically Generated Topics}},
    year = {2014},
    journal = {Proceedings of the 14th Conference of the European Chapter of the Association for Computational Linguistics},
    author = {Aletras, Nikolaos and Stevenson, Mark},
    pages = {22--27},
    isbn = {9788578110796},
    doi = {10.1017/CBO9781107415324.004},
    issn = {1098-6596},
    pmid = {25246403},
    arxivId = {arXiv:1011.1669v3}
}

@article{Xu2008MiningDetection,
    title = {{Mining Console Logs for Large-Scale System Problem Detection}},
    year = {2008},
    journal = {Workshop on Tackling Computer Problems with Machine Learning Techniques SysML San Diego CA},
    author = {Xu, Wei and Huang, L and Fox, Armando and Patterson, David and Jordan, Michael},
    pages = {4},
    url = {http://www.usenix.org/events/sysml08/tech/full_papers/xu/xu_html/}
}

@article{Russo2015MiningSystem,
    title = {{Mining system logs to learn error predictors: a case study of a telemetry system}},
    year = {2015},
    journal = {Empir Software Eng},
    author = {Russo, Barbara and Succi, Giancarlo and Pedrycz, Witold and Kim, Sunghun and Russo, B and Succi, G and Pedrycz, W},
    pages = {879--927},
    volume = {20},
    url = {http://download.springer.com.ezproxy.leidenuniv.nl:2048/static/pdf/896/art%253A10.1007%252Fs10664-014-9303-2.pdf?originUrl=http%3A%2F%2Flink.springer.com%2Farticle%2F10.1007%2Fs10664-014-9303-2&token2=exp=1496126293~acl=%2Fstatic%2Fpdf%2F896%2Fart%25253A10.1007%25252Fs10664-014-9303-2.pdf%3ForiginUrl%3Dhttp%253A%252F%252Flink.springer.com%252Farticle%252F10.1007%252Fs10664-014-9303-2*~hmac=7664e8e366559d27d17a55e704af6abc94ac125e982b8921883f718c52ccdd4c},
    doi = {10.1007/s10664-014-9303-2},
    keywords = {Data mining {\textperiodcentered}, Information gain {\textperiodcentered}, Log analysis {\textperiodcentered}, Software maintenance {\textperiodcentered}, System logs {\textperiodcentered}}
}

@article{Havens2011NaiveAnalysis,
    title = {{Naive Bayesian Spam Filters for Log File Analysis}},
    year = {2011},
    journal = {All Theses and Dissertations},
    author = {Havens, Russel},
    url = {http://scholarsarchive.byu.edu/etd/2814}
}

@article{KullbackS.Leibler1951OnSufficiency,
    title = {{On information and sufficiency}},
    year = {1951},
    journal = {The Annals of Mathematical Statistics},
    author = {Kullback, S., {\&} Leibler, R. A.},
    number = {1},
    pages = {79--86},
    volume = {22}
}

@article{Perez-Tellez2010OnTweets,
    title = {{On the Difficulty of Clustering Company Tweets}},
    year = {2010},
    journal = {Proceedings of the 2nd international workshop on Search and mining user-generated contents},
    author = {Perez-Tellez, Fernando and Pinto, David and Cardiff, John and Rosso, Paolo},
    number = {March},
    pages = {95--102},
    url = {http://doi.acm.org/10.1145/1871985.1872001},
    isbn = {9781450303866},
    doi = {http://doi.acm.org/10.1145/1871985.1872001},
    keywords = {clustering of tweets, opinion analysis}
}

@article{Alsumait2008On-LineTracking,
    title = {{On-Line LDA : Adaptive Topic Models for Mining Text Streams with Applications to Topic Detection and Tracking}},
    year = {2008},
    author = {Alsumait, Loulwah and Barbar, Daniel and Domeniconi, Carlotta and Va, Fairfax},
    doi = {10.1109/ICDM.2008.140}
}

@article{Apaza2014OnlineLDA,
    title = {{Online courses recommendation based on LDA}},
    year = {2014},
    journal = {CEUR Workshop Proceedings},
    author = {Apaza, Rel Guzman and Cervantes, Elizabeth Vera and Quispe, Laura Cruz and Luna, Jos?? Ochoa},
    pages = {42--48},
    volume = {1318},
    issn = {16130073}
}

@article{Zhai2013OnlineVocabulary,
    title = {{Online Latent Dirichlet Allocation with Infinite Vocabulary}},
    year = {2013},
    journal = {Proceedings of the 30th International Conference on Machine Learning},
    author = {Zhai, Ke and Boyd-graber, Jordan},
    number = {2010},
    pages = {561--569},
    volume = {28}
}

@article{Hoffman2010OnlineAllocation,
    title = {{Online learning for latent dirichlet allocation}},
    year = {2010},
    journal = {Nips},
    author = {Hoffman, MD and Blei, DM and Bach, Francis},
    pages = {1--9},
    url = {http://videolectures.net/site/normal_dl/tag=83534/nips2010_1291.pdf},
    isbn = {9781450300551},
    doi = {10.1.1.187.1883},
    issn = {08912017}
}

@article{Jing2006Ontology-basedClustering,
    title = {{Ontology-based distance measure for text clustering}},
    year = {2006},
    journal = {Proceedings of SIAM SDM workshop on text mining, Bethesda, Maryland, USA},
    author = {Jing, Liping and Zhou, Lixin and Ng, M.K. Michael K and Huang, J.Z. Zhexue},
    url = {http://scholar.google.com/scholar?hl=en&btnG=Search&q=intitle:Ontology-based+Distance+Measure+for+Text+Clustering#0},
    issn = {10037985}
}

@misc{OverheidTweakers,
    title = {{Overheid verliest miljoenen euro's op mislukt ict-project uitkeringen - IT Pro - Nieuws - Tweakers}},
    url = {http://tweakers.net/nieuws/98193/overheid-verliest-miljoenen-euros-op-mislukt-ict-project-uitkeringen.html},
    keywords = {Joos Schellevis}
}

@article{Nallapati2007ParallelizedScalability,
    title = {{Parallelized variational EM for Latent Dirichlet Allocation: An experimental evaluation of speed and scalability}},
    year = {2007},
    journal = {Proceedings - IEEE International Conference on Data Mining, ICDM},
    author = {Nallapati, Ramesh and Cohen, William and Lafferty, John},
    pages = {349--354},
    isbn = {0769530192},
    doi = {10.1109/ICDMW.2007.33},
    issn = {15504786}
}

@article{Heinrich2008ParameterAnalysis,
    title = {{Parameter Estimation for Text Analysis}},
    year = {2008},
    journal = {Web: http://www. arbylon. net/publications/text-est. pdf},
    author = {Heinrich, Gregor},
    pages = {1--31},
    url = {http://www.arbylon.net/publications/text-est2.pdf},
    doi = {10.2514/2.3375},
    issn = {00224650}
}

@article{Nikitinsky2014PracticalPurposes,
    title = {{Practical Issues of Clustering Relatively Small Text Data Sets for Business Purposes}},
    year = {2014},
    journal = {The International Conference on Digital Security and Forensics},
    author = {Nikitinsky, Nikita and Sokolova, Tamara and Pshehotskaya, Ekaterina},
    number = {March},
    pages = {15--22},
    url = {http://sdiwc.net/digital-library/practical-issues-of-clustering-relatively-small-text-data-sets-for-business-purposes},
    isbn = {9780989130578},
    keywords = {cluster analysis, cluster analysis or clustering, clustering, gmm, is a convenient, lda, lsi, silhouette coefficient, topic modeling}
}

@misc{PredictiveGallery,
    title = {{Predictive Maintenance: Step 2A of 3, train and evaluate regression models | Cortana Intelligence Gallery}},
    url = {https://gallery.cortanaintelligence.com/Experiment/a677f8eececf40eaa158699a2b27e3c8}
}

@article{Xu2016ProbabilisticChains,
    title = {{Probabilistic Financial Community Models with Latent Dirichlet Allocation for Financial Supply Chains}},
    year = {2016},
    author = {Xu, Zheng and Raschid, Louiqa},
    pages = {1--6},
    isbn = {9781450344074},
    doi = {10.1145/2951894.2951900},
    issn = {07308078},
    keywords = {financial supply chain, generative probabilistic model, latent dirichlet allocation, mortgage backed securities}
}

@article{Blei2010ProbabilisticModels,
    title = {{Probabilistic topic models}},
    year = {2010},
    journal = {IEEE Signal Processing Magazine},
    author = {Blei, David and Carin, Lawrence and Dunson, David},
    number = {6},
    pages = {55--65},
    volume = {27},
    isbn = {0805854185},
    doi = {10.1109/MSP.2010.938079},
    issn = {10535888},
    pmid = {7789277},
    arxivId = {1003.4916}
}

@article{Blei2012Probabilisticppt,
    title = {{Probabilistic topic models (ppt)}},
    year = {2012},
    journal = {Communications of the ACM},
    author = {Blei, David M.},
    number = {4},
    pages = {77},
    volume = {55},
    url = {http://dl.acm.org/citation.cfm?doid=2133806.2133826},
    isbn = {0805854185},
    doi = {10.1145/2133806.2133826},
    issn = {00010782},
    pmid = {7789277},
    arxivId = {1003.4916}
}

@article{Lin2007ProjectedFactorization,
    title = {{Projected Gradient Methods for Nonnegative Matrix Factorization}},
    year = {2007},
    journal = {Neural Computation},
    author = {Lin, Chih-Jen},
    number = {10},
    pages = {2756--2779},
    volume = {19},
    url = {http://www.mitpressjournals.org/doi/10.1162/neco.2007.19.10.2756},
    isbn = {0899-7667},
    doi = {10.1162/neco.2007.19.10.2756},
    issn = {0899-7667},
    pmid = {17716011}
}

@article{Chang2009ReadingModels,
    title = {{Reading Tea Leaves: How Humans Interpret Topic Models}},
    year = {2009},
    journal = {Advances in Neural Information Processing Systems 22},
    author = {Chang, Jonathan and Gerrish, Sean and Wang, Chong and Blei, David M},
    pages = {288--296},
    url = {http://www.umiacs.umd.edu/~jbg/docs/nips2009-rtl.pdf},
    isbn = {9781615679119},
    doi = {10.1.1.100.1089},
    issn = {1098-6596},
    pmid = {25246403},
    arxivId = {arXiv:1011.1669v3}
}

@article{Rouillard2004Real-timeSEC.,
    title = {{Real-time Log File Analysis Using the Simple Event Correlator (SEC).}},
    year = {2004},
    journal = {Lisa},
    author = {Rouillard, JP},
    pages = {133--150},
    url = {http://www.usenix.org/event/lisa04/tech/full_papers/rouillard/rouillard_html/}
}

@article{AjayChandramoulyRavindraNarkhedeVijayMungaraGuillermoRueda2013ReducingAnalytics,
    title = {{Reducing Client Incidents through Big Data Predictive Analytics}},
    year = {2013},
    journal = {Intel IT Big Data Predictive Analytics},
    author = {Ajay Chandramouly, Ravindra Narkhede, Vijay Mungara, Guillermo Rueda, Asoka Diggs},
    number = {December}
}

@article{SalakhutdinovReplicatedModel,
    title = {{Replicated Softmax: an Undirected Topic Model}},
    author = {Salakhutdinov, Ruslan and Hinton, Geoffrey},
    pages = {1--8},
    url = {https://papers.nips.cc/paper/3856-replicated-softmax-an-undirected-topic-model.pdf},
    isbn = {9781615679119}
}

@article{Wallach2009RethinkingMatter,
    title = {{Rethinking LDA : Why Priors Matter}},
    year = {2009},
    journal = {Advances in Neural Information Processing Systems 22},
    author = {Wallach, Hanna M and Mimno, David and Mccallum, Andrew},
    number = {2},
    pages = {1973--1981},
    volume = {22},
    url = {http://citeseerx.ist.psu.edu/viewdoc/download?doi=10.1.1.149.185&amp;rep=rep1&amp;type=pdf},
    isbn = {9781615679119},
    doi = {10.1007/s10708-008-9161-9},
    issn = {02699370},
    pmid = {2508715}
}

@misc{S10664-014-9303-2,
    title = {{s10664-014-9303-2}}
}

@article{Nl-film2015SamenvattingTicketprijs,
    title = {{Samenvatting Kerncijfers jaar 2014 Bezoek , Recette , Ticketprijs}},
    year = {2015},
    author = {Nl-film, Bezoek and Nl-film, Recette},
    pages = {1--2}
}

@misc{ViktorFarcicSelf-HealingConversations,
    title = {{Self-Healing Systems | Technology Conversations}},
    author = {{Viktor Farcic}},
    url = {https://technologyconversations.com/2016/01/26/self-healing-systems/}
}

@article{Chen2011ShortTopics,
    title = {{Short text classification improved by learning multi-granularity topics}},
    year = {2011},
    journal = {IJCAI International Joint Conference on Artificial Intelligence},
    author = {Chen, Mengen and Jin, Xiaoming and Shen, Dou},
    pages = {1776--1781},
    isbn = {9781577355120},
    doi = {10.5591/978-1-57735-516-8/IJCAI11-298},
    issn = {10450823},
    keywords = {Natural Language Processing}
}

@article{Rousseeuw1987Silhouettes:Analysis,
    title = {{Silhouettes: A graphical aid to the interpretation and validation of cluster analysis}},
    year = {1987},
    journal = {Journal of Computational and Applied Mathematics},
    author = {Rousseeuw, Peter J.},
    number = {C},
    pages = {53--65},
    volume = {20},
    isbn = {03770427},
    doi = {10.1016/0377-0427(87)90125-7},
    issn = {03770427},
    pmid = {19382406},
    arxivId = {z0024},
    keywords = {Graphical display, classification, cluster analysis, clustering validity}
}

@misc{SocialProject,
    title = {{Social Media Site Usage 2014 | Pew Research Center's Internet {\&} American Life Project}},
    url = {http://www.pewinternet.org/2015/01/09/social-media-update-2014/}
}

@article{Mimno2012SparseAllocation,
    title = {{Sparse stochastic inference for latent Dirichlet allocation}},
    year = {2012},
    journal = {International Conference on Machine Learning},
    author = {Mimno, David and Hoffman, Matthew D and Blei, David M},
    pages = {1--8},
    url = {papers2://publication/uuid/22709EBB-59BA-4367-860F-918A25678C26},
    isbn = {9781450312851},
    arxivId = {1206.6425}
}

@article{Beaver2012StochasticInference,
    title = {{Stochastic Variational inference}},
    year = {2012},
    journal = {Journal of Machine Learning Research},
    author = {{Beaver} and {Clark}},
    pages = {1303--1347},
    volume = {14},
    url = {http://arxiv.org/abs/1206.7051%5Cnpapers2://publication/uuid/D5737928-F59F-43E3-8ADE-53F1831AA866},
    isbn = {1532-4435},
    doi = {citeulike-article-id:10852147},
    issn = {1532-4435},
    pmid = {19926898},
    arxivId = {1206.7051}
}

@article{Republic2007StructuredNLP,
    title = {{Structured Bayesian Nonparametric Models with Variational Inference Probabilistic modeling of NLP}},
    year = {2007},
    author = {Republic, Czech and Liang, Percy and Klein, Dan}
}

@misc{SuccesComputable,
    title = {{Succes van project hangt af van veranderen | Opinie | Computable}},
    url = {http://www.computable.nl/artikel/opinie/bpm/5086065/3040574/succes-van-project-hangt-af-van-veranderen.html}
}

@misc{Succes-ICT-projecten,
    title = {{Succes- en faalfactoren voor ICT-projecten}},
    url = {http://www.raamstijn.nl/eenblogjeom/index.php/categorie-1/1687-succes-en-faalfactoren-voor-ict-projecten},
    keywords = {Joomla, joomla}
}

@article{Miao2009SupportDetection,
    title = {{Support Vector Regression Approach for Simultaneous Data Reconciliation and Gross Error or Outlier Detection}},
    year = {2009},
    journal = {Industrial {\&} Engineering Chemistry Research},
    author = {Miao, Yu and Su, Hongye and Xu, Ouguan and Chu, Jian},
    number = {24},
    pages = {10903--10911},
    volume = {48},
    url = {http://pubs.acs.org/doi/abs/10.1021/ie801629f},
    doi = {10.1021/ie801629f},
    issn = {0888-5885}
}

@article{Zheng2009SystemPrediction,
    title = {{System log pre-processing to improve failure prediction}},
    year = {2009},
    journal = {Proceedings of the International Conference on Dependable Systems and Networks},
    author = {Zheng, Ziming and Lan, Zhiling and Park, Byung H. and Geist, Al},
    number = {August 2009},
    pages = {572--577},
    isbn = {9781424444212},
    doi = {10.1109/DSN.2009.5270289},
    keywords = {Cray XT4, Event categorization, Event filtering, IBM Blue Gene/L, Log preprocessing}
}

@article{Wilson2010TermAllocation,
    title = {{Term Weighting Schemes for Latent Dirichlet Allocation}},
    year = {2010},
    journal = {Human Language Technologies: The 2010 Annual Conference of the North American Chapter of the ACL},
    author = {Wilson, Andrew T and Chew, Peter a and Llp, Moss Adams},
    number = {June},
    pages = {465--473},
    isbn = {1932432655},
    doi = {1857999.1858069}
}

@article{Zhou2014TextSelection,
    title = {{Text categorization based on clustering feature selection}},
    year = {2014},
    journal = {Procedia Computer Science},
    author = {Zhou, Xiaofei and Hu, Yue and Guo, Li},
    pages = {398--405},
    volume = {31},
    publisher = {Elsevier Masson SAS},
    url = {http://dx.doi.org/10.1016/j.procs.2014.05.283},
    isbn = {8601082546701},
    doi = {10.1016/j.procs.2014.05.283},
    issn = {18770509},
    keywords = {Feature selection, K-means, Text categorization}
}

@article{Shao2014TextCo-occurrence,
    title = {{Text Similarity Computing Based on LDA Topic Model and Word Co-occurrence}},
    year = {2014},
    journal = {2nd International Conference on Software Engineering, Knowledge Engineering and Information Engineering},
    author = {Shao, Minglai},
    number = {Sekeie},
    pages = {199--203},
    keywords = {-topic model, distance, jensen-shannon, js, latent dirichlet allocation, lda, similarity, word co-occurrence}
}

@article{MimnoTheData,
    title = {{The details : training and valida1ng big models on big data}},
    author = {Mimno, David},
    pages = {1--50}
}

@misc{TheBoxofficenl.net,
    title = {{The Interview (2014) - Boxofficenl.net}},
    url = {http://boxofficenl.net/movie.asp?id=21468}
}

@misc{TheBioscopen,
    title = {{The Interview te zien in tweehonderd bioscopen}},
    url = {http://www.nu.nl/film/3960859/the-interview-zien-in-tweehonderd-bioscopen.html},
    keywords = {The Interview}
}

@article{Anchalia2015TheParadigm,
    title = {{The k-nearest neighbor algorithm using MapReduce paradigm}},
    year = {2015},
    journal = {Proceedings - International Conference on Intelligent Systems, Modelling and Simulation, ISMS},
    author = {Anchalia, Prajesh P. and Roy, Kaushik},
    pages = {513--518},
    volume = {2015-Septe},
    isbn = {9781479938575},
    doi = {10.1109/ISMS.2014.94},
    issn = {21660670},
    keywords = {Data Mining, Distributed Computing, Hadoop, K-Nearest Neighbor, MapReduce}
}

@article{Documents1994THEROBOTICS,
    title = {{THE SPACE ROBOTICS}},
    year = {1994},
    author = {Documents, Categorize and Importance, The},
    number = {276}
}

@article{Bottou2007TheLearning.,
    title = {{The Tradeoffs of Large Scale Learning.}},
    year = {2007},
    journal = {Nips},
    author = {Bottou, L and Bousquet, Olivier},
    pages = {161--168},
    volume = {20},
    url = {http://citeseerx.ist.psu.edu/viewdoc/download?doi=10.1.1.168.5389&amp;rep=rep1&amp;type=pdf%5Cnhttps://papers.nips.cc/paper/3323-the-tradeoffs-of-large-scale-learning.pdf},
    isbn = {160560352X},
    issn = {<null>}
}

@article{Vaarandi2005ToolsAnalysis,
    title = {{Tools and Techniques for Event Log Analysis}},
    year = {2005},
    journal = {PHD Thesis},
    author = {Vaarandi, Risto},
    isbn = {9985595289}
}

@article{Alvarez-Melis2016TopicConversations,
    title = {{Topic Modeling in Twitter: Aggregating Tweets by Conversations}},
    year = {2016},
    journal = {{\$}Icwsm16},
    author = {Alvarez-Melis, David and Saveski, Martin},
    number = {Icwsm},
    pages = {519--522},
    url = {evernote:///view/779439927/s24/8594e3b8-85b2-4f4c-8fc8-1f4b55e818cb/8594e3b8-85b2-4f4c-8fc8-1f4b55e818cb/},
    isbn = {9781577357582},
    keywords = {Poster Papers}
}

@article{Drummond2013TopicClustering.,
    title = {{Topic Models For Feature Selection in Document Clustering.}},
    year = {2013},
    journal = {Sdm},
    author = {Drummond, Anna and Vagena, Zografoula and Jermaine, Chris},
    pages = {521--529}
}

@article{Stearley2004TowardsSyslogs,
    title = {{Towards informatic analysis of syslogs}},
    year = {2004},
    journal = {Proceedings - IEEE International Conference on Cluster Computing, ICCC},
    author = {Stearley, Jon},
    pages = {309--318},
    isbn = {0780386949},
    doi = {10.1109/CLUSTR.2004.1392628},
    issn = {15525244}
}

@article{Liu2011TransferringClustering,
    title = {{Transferring Topical Knowledge from Auxiliary Long Texts for Short Text Clustering}},
    year = {2011},
    journal = {Science And Technology},
    author = {Liu, Nathan N and Bay, Clear Water and Kong, Hong and Zhao, Kai},
    pages = {775--784},
    url = {http://doi.acm.org/10.1145/2063576.2063689},
    isbn = {9781450307178},
    doi = {http://doi.acm.org/10.1145/2063576.2063689},
    issn = {1450307175},
    keywords = {short text, statistical generative models, unsupervised learn}
}

@article{Weng2010Twitterrank:Twitterers,
    title = {{Twitterrank: Finding topic-sensitive influential twitterers}},
    year = {2010},
    journal = {Proceedings of the 3rd ACM International Conference on Web Search and Data Mining (WSDM 2010)},
    author = {Weng, Jianshu and Lim, Ee Peng and Jiang, Jing and He, Qi},
    pages = {261--270},
    isbn = {9781605588896},
    doi = {10.1145/1718487.1718520},
    issn = {10797114},
    pmid = {27564002},
    arxivId = {1605.02753},
    keywords = {influential, pagerank, twitter}
}

@article{RivasseauUnderstandingChains,
    title = {{Understanding and Applying the Latent Dirichlet Allocation model to first-order Markov Chains}},
    journal = {Elvanor.Net},
    author = {Rivasseau, JN},
    url = {http://www.elvanor.net/files/lda-markov-chains.pdf}
}

@article{Thesis2015UnsupervisedRootcauseanalysis,
    title = {{Unsupervised Anomaly Detection in Unstructured Logdata for Rootcauseanalysis}},
    year = {2015},
    author = {Thesis, Master},
    number = {March},
    keywords = {anomaly detection, density-based clustering, neural networks, support vector}
}

@misc{UnsupervisedMapR,
    title = {{Unsupervised Anomaly Detection with Spark - MapR}},
    url = {https://mapr.com/ebooks/spark/08-unsupervised-anomaly-detection-apache-spark.html}
}

@article{Endres2009UnsupervisedAllocation,
    title = {{Unsupervised discovery of object classes from range data using latent Dirichlet allocation}},
    year = {2009},
    journal = {Rss},
    author = {Endres, Felix and Plagemann, C. and Stachniss, C. and Burgard, W.},
    url = {http://citeseerx.ist.psu.edu/viewdoc/download?doi=10.1.1.149.9420&amp;rep=rep1&amp;type=pdf}
}

@article{Bolton2001UnsupervisedDetection,
    title = {{Unsupervised Profiling Methods for Fraud Detection}},
    year = {2001},
    journal = {Proc. Credit Scoring and Credit Control VII},
    author = {Bolton, Richard J. and Hand, David J. and H, David J.},
    pages = {5--7},
    url = {http://citeseerx.ist.psu.edu/viewdoc/summary?doi=10.1.1.24.5743},
    doi = {10.1.1.24.5743},
    keywords = {bolton and david j, department of mathematics, fraud detection, hand, richard j, upervised profiling methods for}
}

@article{Kumar2015UnsupervisedWords,
    title = {{Unsupervised Topic Modeling for Short Texts Using Distributed Representations of Words}},
    year = {2015},
    journal = {Proceedings of the 1st Workshop on Vector Space Modeling for Natural Language Processing},
    author = {Kumar, Vivek and Sridhar, Rangarajan},
    pages = {192--200},
    doi = {10.3115/v1/W15-1526},
    keywords = {short text, topic modeling}
}

@article{Sciences2014UsingTwitter,
    title = {{Using Clustering and Sentiment Analysis on Twitter}},
    year = {2014},
    author = {Sciences, Computing and Christi, Corpus and Wu, Ming-Hsuan and Members, Committee and Chairperson, Committee},
    pages = {35},
    url = {https://pdfs.semanticscholar.org/7dea/ce09dbe7829c2d792727a3b4a6c569f65f14.pdf%5Cnhttp://sci.tamucc.edu/~cams/projects/431.pdf}
}

@misc{Viewcontent,
    title = {{viewcontent}}
}

@article{Murdock2013VisualizationChecking,
    title = {{Visualization Techniques for Topic Model Checking}},
    year = {2013},
    author = {Murdock, Jaimie and Allen, Colin},
    pages = {4284--4285},
    keywords = {Demonstrations Track}
}

@article{Chaney2012VisualizingModels.,
    title = {{Visualizing Topic Models.}},
    year = {2012},
    journal = {Icwsm},
    author = {Chaney, Ajb and Blei, Dm},
    pages = {419--422},
    isbn = {9781577355564}
}

@misc{WaaromSucces.,
    title = {{Waarom mislukken ICT projecten? De top 5 voorwaarden voor succes.}},
    url = {https://www.managementsite.nl/ict-projecten-succes-faal-factoren}
}